
@article{gro_autonomous_2006,
	title = {Autonomous {Self}-{Assembly} in {Swarm}-{Bots}},
	volume = {22},
	issn = {1552-3098},
	url = {http://ieeexplore.ieee.org/lpdocs/epic03/wrapper.htm?arnumber=4020359},
	doi = {10.1109/TRO.2006.882919},
	number = {6},
	urldate = {2015-09-21},
	journal = {IEEE Transactions on Robotics},
	author = {Gro, Roderich and Bonani, Michael and Mondada, Francesco and Dorigo, Marco},
	month = dec,
	year = {2006},
	pages = {1115--1130},
	file = {IEEE-TRO-Gross-etal2006.pdf:/home/christopher/.zotero/zotero/ip3dfi8v.default/zotero/storage/V5JICTWC/IEEE-TRO-Gross-etal2006.pdf:application/pdf}
}

@inproceedings{brandt_atron_2007,
	title = {{ATRON} robots: versatility from self-reconfigurable modules},
	shorttitle = {{ATRON} robots},
	url = {http://ieeexplore.ieee.org/xpls/abs_all.jsp?arnumber=4303511},
	urldate = {2015-09-30},
	booktitle = {Mechatronics and {Automation}, 2007. {ICMA} 2007. {International} {Conference} on},
	publisher = {IEEE},
	author = {Brandt, David and Christensen, David Johan and Lund, Henrik Hautop},
	year = {2007},
	pages = {26--32},
	file = {04303511.pdf.pdf:/home/christopher/.zotero/zotero/ip3dfi8v.default/zotero/storage/UB2CSU5V/04303511.pdf.pdf:application/pdf}
}

@article{gross_self-assembly_2008,
	title = {Self-{Assembly} at the {Macroscopic} {Scale}},
	volume = {96},
	issn = {0018-9219, 1558-2256},
	url = {http://ieeexplore.ieee.org/lpdocs/epic03/wrapper.htm?arnumber=4618734},
	doi = {10.1109/JPROC.2008.927352},
	number = {9},
	urldate = {2015-10-21},
	journal = {Proceedings of the IEEE},
	author = {Gross, R. and Dorigo, M.},
	month = sep,
	year = {2008},
	pages = {1490--1508},
	file = {GrossDorigo2008-PIEEEc.pdf:/home/christopher/.zotero/zotero/ip3dfi8v.default/zotero/storage/HME8UHBU/GrossDorigo2008-PIEEEc.pdf:application/pdf}
}

@book{siciliano_springer_2008,
	address = {Berlin},
	title = {Springer handbook of robotics},
	isbn = {978-3-540-23957-4},
	publisher = {Springer},
	editor = {Siciliano, Bruno and Khatib, Oussama},
	year = {2008},
	keywords = {Robotics},
	file = {handbookofrobotics.pdf:/home/christopher/.zotero/zotero/ip3dfi8v.default/zotero/storage/DVA4WSP4/handbookofrobotics.pdf:application/pdf}
}

@inproceedings{eberhart_new_1995,
	title = {A new optimizer using particle swarm theory},
	volume = {1},
	url = {http://www.ppgia.pucpr.br/~alceu/mestrado/aula3/PSO_2.pdf},
	urldate = {2015-11-16},
	booktitle = {Proceedings of the sixth international symposium on micro machine and human science},
	publisher = {New York, NY},
	author = {Eberhart, Russ C. and Kennedy, James},
	year = {1995},
	pages = {39--43},
	file = {PSO_2.pdf:/home/christopher/.zotero/zotero/ip3dfi8v.default/zotero/storage/HGHZ83QU/PSO_2.pdf:application/pdf}
}

@inproceedings{bishop_programmable_2005,
	title = {Programmable parts: a demonstration of the grammatical approach to self-organization},
	isbn = {978-0-7803-8912-0},
	shorttitle = {Programmable parts},
	url = {http://ieeexplore.ieee.org/lpdocs/epic03/wrapper.htm?arnumber=1545375},
	doi = {10.1109/IROS.2005.1545375},
	urldate = {2015-09-21},
	publisher = {IEEE},
	author = {Bishop, J. and Burden, S. and Klavins, E. and Kreisberg, R. and Malone, W. and Napp, N. and Nguyen, T.},
	year = {2005},
	pages = {3684--3691},
	file = {0deec53b6e7c51efec000000.pdf:/home/christopher/.zotero/zotero/ip3dfi8v.default/zotero/storage/F3D7ZJ3E/0deec53b6e7c51efec000000.pdf:application/pdf}
}

@inproceedings{koos_crossing_2010,
	title = {Crossing the reality gap in evolutionary robotics by promoting transferable controllers},
	url = {http://dl.acm.org/citation.cfm?id=1830505},
	urldate = {2015-11-16},
	booktitle = {Proceedings of the 12th annual conference on {Genetic} and evolutionary computation},
	publisher = {ACM},
	author = {Koos, Sylvain and Mouret, Jean-Baptiste and Doncieux, Stéphane},
	year = {2010},
	pages = {119--126},
	file = {t02fp245-koos.pdf:/home/christopher/.zotero/zotero/ip3dfi8v.default/zotero/storage/WJISJP4X/t02fp245-koos.pdf:application/pdf}
}

@incollection{weel_emergence_2012,
	series = {Lecture {Notes} in {Computer} {Science}},
	title = {The {Emergence} of {Multi}-cellular {Robot} {Organisms} through {On}-{Line} {On}-{Board} {Evolution}},
	volume = {7248},
	abstract = {We investigate whether a swarm of robots can evolve controllers that cause aggregation into ‘multi-cellular’ robot organisms without a specific reward to do so. To this end, we create a world where aggregated robots receive more energy than individual ones and enable robots to evolve their controllers on-the-fly, during their lifetime. We perform experiments in six different implementations of the basic idea distinguished by the system of energy distribution and the level of advantage aggregated robots have over individual ones. The results show that ‘multi-cellular’ robot organisms emerge in all of these cases.},
	number = {7248},
	booktitle = {Applications of {Evolutionary} {Computation}},
	publisher = {Springer Berlin Heidelberg},
	author = {Weel, Berend and Haasdijk, Evert and Eiben, A E},
	year = {2012},
	keywords = {Artificial Intelligence (incl. Robotics), Computation by Abstract Devices, Computer Communication Networks, Image Processing and Computer Vision, Math Applications in Computer Science, Programming Techniques},
	pages = {124--134},
	file = {Weel et al. - 2012 - The Emergence of Multi-cellular Robot Organisms th.pdf:/home/christopher/.zotero/zotero/ip3dfi8v.default/zotero/storage/KNMVZUME/Weel et al. - 2012 - The Emergence of Multi-cellular Robot Organisms th.pdf:application/pdf}
}

@article{trianni_evolving_2004,
	title = {Evolving functional self-assembling in a swarm of autonomous robots},
	volume = {8},
	url = {http://citeseerx.ist.psu.edu/viewdoc/download?doi=10.1.1.161.7386&rep=rep1&type=pdf},
	number = {July},
	journal = {From Animals to Animats},
	author = {Trianni, Vito and Tuci, Elio and Dorigo, Marco},
	year = {2004},
	pages = {405--414},
	file = {Trianni et al. - 2004 - Evolving functional self-assembling in a swarm of .pdf:/home/christopher/.zotero/zotero/ip3dfi8v.default/zotero/storage/AJCQCA8G/Trianni et al. - 2004 - Evolving functional self-assembling in a swarm of .pdf:application/pdf}
}

@incollection{kim_chirp_2014,
	address = {Cham},
	title = {The {ChIRP} {Robot}: {A} {Versatile} {Swarm} {Robot} {Platform}},
	volume = {274},
	isbn = {978-3-319-05581-7 978-3-319-05582-4},
	shorttitle = {The {ChIRP} {Robot}},
	url = {http://link.springer.com/10.1007/978-3-319-05582-4_6},
	urldate = {2015-08-26},
	booktitle = {Robot {Intelligence} {Technology} and {Applications} 2},
	publisher = {Springer International Publishing},
	author = {Skjetne, Christian and Haddow, Pauline C. and Rye, Anders and Schei, Håvard and Montanier, Jean-Marc},
	editor = {Kim, Jong-Hwan and Matson, Eric T . and Myung, Hyun and Xu, Peter and Karray, Fakhri},
	year = {2014},
	pages = {71--82},
	file = {Skjetne et al. - 2014 - The ChIRP Robot A Versatile Swarm Robot Platform.pdf:/home/christopher/.zotero/zotero/ip3dfi8v.default/zotero/storage/N89AFXNH/Skjetne et al. - 2014 - The ChIRP Robot A Versatile Swarm Robot Platform.pdf:application/pdf}
}

@incollection{doncieux_evolutionary_2011,
	title = {Evolutionary robotics: {Exploring} new horizons},
	shorttitle = {Evolutionary robotics},
	url = {http://link.springer.com/chapter/10.1007/978-3-642-18272-3_1},
	urldate = {2015-11-09},
	booktitle = {New horizons in evolutionary robotics},
	publisher = {Springer},
	author = {Doncieux, Stéphane and Mouret, Jean-Baptiste and Bredeche, Nicolas and Padois, Vincent},
	year = {2011},
	pages = {3--25},
	file = {ER2011positionER.pdf:/home/christopher/.zotero/zotero/ip3dfi8v.default/zotero/storage/BB4285J8/ER2011positionER.pdf:application/pdf}
}

@incollection{hutchison_task-driven_2011,
	address = {Berlin, Heidelberg},
	title = {Task-{Driven} {Species} in {Evolutionary} {Robotic} {Teams}},
	volume = {6686},
	isbn = {978-3-642-21343-4 978-3-642-21344-1},
	url = {http://link.springer.com/10.1007/978-3-642-21344-1_15},
	urldate = {2015-11-04},
	booktitle = {Foundations on {Natural} and {Artificial} {Computation}},
	publisher = {Springer Berlin Heidelberg},
	author = {Trueba, P. and Prieto, A. and Caamaño, P. and Bellas, F. and Duro, R. J.},
	editor = {Hutchison, David and Kanade, Takeo and Kittler, Josef and Kleinberg, Jon M. and Mattern, Friedemann and Mitchell, John C. and Naor, Moni and Nierstrasz, Oscar and Pandu Rangan, C. and Steffen, Bernhard and Sudan, Madhu and Terzopoulos, Demetri and Tygar, Doug and Vardi, Moshe Y. and Weikum, Gerhard and Ferrández, José Manuel and Álvarez Sánchez, José Ramón and de la Paz, Félix and Toledo, F. Javier},
	year = {2011},
	pages = {138--147},
	file = {trueba_et_al_iwinac11_revised.pdf:/home/christopher/.zotero/zotero/ip3dfi8v.default/zotero/storage/WRSDXIET/trueba_et_al_iwinac11_revised.pdf:application/pdf}
}

@article{eiben_embodied_2010,
	title = {Embodied, on-line, on-board evolution for autonomous robotics},
	volume = {7},
	url = {https://hal.inria.fr/inria-00531455/},
	urldate = {2015-10-26},
	journal = {Symbiotic Multi-Robot Organisms: Reliability, Adaptability, Evolution.},
	author = {Eiben, A. E. and Haasdijk, Evert and Bredeche, Nicolas},
	year = {2010},
	pages = {361--382},
	file = {springerbook2010onlineevorobot-draft.pdf:/home/christopher/.zotero/zotero/ip3dfi8v.default/zotero/storage/PHUT995B/springerbook2010onlineevorobot-draft.pdf:application/pdf}
}

@inproceedings{montanier_adaptive_2014,
	title = {Adaptive self-assembly in swarm robotics through environmental bias},
	url = {http://ieeexplore.ieee.org/xpls/abs_all.jsp?arnumber=7008739},
	urldate = {2015-08-26},
	booktitle = {Evolvable {Systems} ({ICES}), 2014 {IEEE} {International} {Conference} on},
	publisher = {IEEE},
	author = {Montanier, Jean-Marc and Haddow, Pauline C.},
	year = {2014},
	pages = {187--194},
	file = {Montanier and Haddow - 2014 - Adaptive self-assembly in swarm robotics through e.pdf:/home/christopher/.zotero/zotero/ip3dfi8v.default/zotero/storage/SSGBGQCE/Montanier and Haddow - 2014 - Adaptive self-assembly in swarm robotics through e.pdf:application/pdf}
}

@inproceedings{kirby_catoms:_2005,
	title = {Catoms: {Moving} {Robots} {Without} {Moving} {Parts}.},
	volume = {20},
	shorttitle = {Catoms},
	url = {http://www.aaai.org/Papers/AAAI/2005/RC05-008.pdf},
	urldate = {2015-10-26},
	booktitle = {{PROCEEDINGS} {OF} {THE} {NATIONAL} {CONFERENCE} {ON} {ARTIFICIAL} {IN}℡{LIGENCE}},
	publisher = {Menlo Park, CA; Cambridge, MA; London; AAAI Press; MIT Press; 1999},
	author = {Kirby, Brian and Campbell, Jason and Aksak, Burak and Pillai, Padmanabhan and Hoburg, James and Mowry, Todd C. and Goldstein, Seth Copen},
	year = {2005},
	pages = {1730},
	file = {RC05-008 (1).pdf:/home/christopher/.zotero/zotero/ip3dfi8v.default/zotero/storage/CV7RMWKW/RC05-008 (1).pdf:application/pdf}
}

@article{gilpin_miche:_2008,
	title = {Miche: {Modular} {Shape} {Formation} by {Self}-{Disassembly}},
	volume = {27},
	issn = {0278-3649},
	shorttitle = {Miche},
	url = {http://ijr.sagepub.com/cgi/doi/10.1177/0278364907085557},
	doi = {10.1177/0278364907085557},
	language = {en},
	number = {3-4},
	urldate = {2015-09-30},
	journal = {The International Journal of Robotics Research},
	author = {Gilpin, K. and Kotay, K. and Rus, D. and Vasilescu, I.},
	month = mar,
	year = {2008},
	pages = {345--372},
	file = {The International Journal of Robotics Research-2008-Gilpin-345-72.pdf:/home/christopher/.zotero/zotero/ip3dfi8v.default/zotero/storage/UUUERUNB/The International Journal of Robotics Research-2008-Gilpin-345-72.pdf:application/pdf}
}

@article{brambilla_swarm_2013,
	title = {Swarm robotics: a review from the swarm engineering perspective},
	volume = {7},
	issn = {1935-3812, 1935-3820},
	shorttitle = {Swarm robotics},
	url = {http://link.springer.com/10.1007/s11721-012-0075-2},
	doi = {10.1007/s11721-012-0075-2},
	language = {en},
	number = {1},
	urldate = {2015-10-26},
	journal = {Swarm Intelligence},
	author = {Brambilla, Manuele and Ferrante, Eliseo and Birattari, Mauro and Dorigo, Marco},
	month = mar,
	year = {2013},
	pages = {1--41},
	file = {swarmintelligence.pdf:/home/christopher/.zotero/zotero/ip3dfi8v.default/zotero/storage/6RDENQN3/swarmintelligence.pdf:application/pdf}
}

@article{yim_modular_2007,
	title = {Modular self-reconfigurable robot systems [grand challenges of robotics]},
	volume = {14},
	url = {http://ieeexplore.ieee.org/xpls/abs_all.jsp?arnumber=4141032},
	number = {1},
	urldate = {2015-09-16},
	journal = {Robotics \& Automation Magazine, IEEE},
	author = {Yim, Mark and Shen, Wei-Min and Salemi, Behnam and Rus, Daniela and Moll, Mark and Lipson, Hod and Klavins, Eric and Chirikjian, Gregory S.},
	year = {2007},
	pages = {43--52},
	file = {Yim2007p8960Ieee_Robot_Autom_Mag.pdf:/home/christopher/.zotero/zotero/ip3dfi8v.default/zotero/storage/DX5J56Q5/Yim2007p8960Ieee_Robot_Autom_Mag.pdf:application/pdf}
}

@article{parker_l-alliance:_1996,
	title = {L-{ALLIANCE}: {Task}-oriented multi-robot learning in behavior-based systems},
	volume = {11},
	issn = {0169-1864, 1568-5535},
	shorttitle = {L-{ALLIANCE}},
	url = {http://www.tandfonline.com/doi/abs/10.1163/156855397X00344},
	doi = {10.1163/156855397X00344},
	language = {en},
	number = {4},
	urldate = {2015-11-12},
	journal = {Advanced Robotics},
	author = {Parker, Lynne E.},
	month = jan,
	year = {1996},
	pages = {305--322},
	file = {alliance.pdf:/home/christopher/.zotero/zotero/ip3dfi8v.default/zotero/storage/EZAUAZA9/alliance.pdf:application/pdf}
}

@techreport{mataric_interaction_1994,
	title = {Interaction and {Intelligent} {Behavior}.},
	institution = {DTIC Document},
	author = {Mataric, Maja J},
	year = {1994},
	file = {a290049.pdf:/home/christopher/.zotero/zotero/ip3dfi8v.default/zotero/storage/UVTWCGXA/a290049.pdf:application/pdf}
}

@article{balch_behavioral_1998,
	title = {Behavioral diversity in learning robot teams},
	url = {https://smartech.gatech.edu/handle/1853/6637},
	urldate = {2015-10-28},
	author = {Balch, Tucker},
	year = {1998},
	file = {GIT-CC-98-25.pdf:/home/christopher/.zotero/zotero/ip3dfi8v.default/zotero/storage/RRV5BP3W/GIT-CC-98-25.pdf:application/pdf}
}

@article{powers_further_1908,
	title = {Further {Studies} in {Volvox}, with {Descriptions} of {Three} {New} {Species}},
	volume = {28},
	issn = {00030023},
	url = {http://www.jstor.org/stable/3220908?origin=crossref},
	doi = {10.2307/3220908},
	urldate = {2015-11-30},
	journal = {Transactions of the American Microscopical Society},
	author = {Powers, J. H.},
	month = sep,
	year = {1908},
	pages = {141},
	file = {volvox.pdf:/home/christopher/.zotero/zotero/ip3dfi8v.default/zotero/storage/2W9U62MU/volvox.pdf:application/pdf}
}

@book{downing_introduction_2009,
	title = {Introduction to evolutionary algorithms},
	url = {http://citeseerx.ist.psu.edu/viewdoc/download?doi=10.1.1.95.6897&rep=rep1&type=pdf},
	urldate = {2015-11-09},
	publisher = {Citeseer},
	author = {Downing, Keith L.},
	year = {2009},
	file = {05 ea-appendices.pdf:/home/christopher/.zotero/zotero/ip3dfi8v.default/zotero/storage/D5QCZ5VA/05 ea-appendices.pdf:application/pdf}
}

@article{whitesides_self-assembly_2002,
	title = {Self-{Assembly} at {All} {Scales}},
	volume = {295},
	issn = {00368075, 10959203},
	url = {http://www.sciencemag.org/cgi/doi/10.1126/science.1070821},
	doi = {10.1126/science.1070821},
	number = {5564},
	urldate = {2015-09-24},
	journal = {Science},
	author = {Whitesides, G. M.},
	month = mar,
	year = {2002},
	pages = {2418--2421},
	file = {WhitesidesScience295,2418,02Self-AssemblyAtAllScales.pdf:/home/christopher/.zotero/zotero/ip3dfi8v.default/zotero/storage/KNUAT7K5/WhitesidesScience295,2418,02Self-AssemblyAtAllScales.pdf:application/pdf}
}

@article{park_automatic_2008,
	title = {Automatic {Configuration} {Recognition} {Methods} in {Modular} {Robots}},
	volume = {27},
	issn = {0278-3649},
	url = {http://ijr.sagepub.com/cgi/doi/10.1177/0278364907089350},
	doi = {10.1177/0278364907089350},
	language = {en},
	number = {3-4},
	urldate = {2015-09-21},
	journal = {The International Journal of Robotics Research},
	author = {Park, M. and Chitta, S. and Teichman, A. and Yim, M.},
	month = mar,
	year = {2008},
	pages = {403--421},
	file = {Automatic Configuration Recognition Methods in Modular Robots.pdf:/home/christopher/.zotero/zotero/ip3dfi8v.default/zotero/storage/A53FEM9S/Automatic Configuration Recognition Methods in Modular Robots.pdf:application/pdf}
}

@article{yim_modular_2002,
	title = {Modular robots},
	volume = {39},
	number = {2},
	journal = {Spectrum, IEEE},
	author = {Yim, Mark and Zhang, Ying and Duff, David},
	year = {2002},
	pages = {30--34},
	file = {Modular Robots.pdf:/home/christopher/.zotero/zotero/ip3dfi8v.default/zotero/storage/JUQREFHZ/Modular Robots.pdf:application/pdf}
}

@inproceedings{gerkey_player/stage_2003,
	title = {The player/stage project: {Tools} for multi-robot and distributed sensor systems},
	volume = {1},
	shorttitle = {The player/stage project},
	url = {http://robotics.usc.edu/~gerkey/research/final_papers/icar03-player.pdf},
	urldate = {2015-11-26},
	booktitle = {Proceedings of the 11th international conference on advanced robotics},
	author = {Gerkey, Brian and Vaughan, Richard T. and Howard, Andrew},
	year = {2003},
	pages = {317--323},
	file = {icar03-player.pdf:/home/christopher/.zotero/zotero/ip3dfi8v.default/zotero/storage/9VZSB8HQ/icar03-player.pdf:application/pdf}
}

@article{li_learning_2004,
	title = {Learning and measuring specialization in collaborative swarm systems},
	volume = {12},
	url = {http://adb.sagepub.com/content/12/3-4/199.short},
	number = {3-4},
	urldate = {2015-10-28},
	journal = {Adaptive Behavior},
	author = {Li, Ling and Martinoli, Alcherio and Abu-Mostafa, Yaser S.},
	year = {2004},
	pages = {199--212},
	file = {Adaptive Behavior-2004-Li-199-212.pdf:/home/christopher/.zotero/zotero/ip3dfi8v.default/zotero/storage/63KIBBVE/Adaptive Behavior-2004-Li-199-212.pdf:application/pdf}
}

@inproceedings{lee_adaptive_2003,
	title = {Adaptive multi-robot behavior via learning momentum},
	volume = {2},
	booktitle = {Intelligent {Robots} and {Systems}, 2003.({IROS} 2003). {Proceedings}. 2003 {IEEE}/{RSJ} {International} {Conference} on},
	publisher = {IEEE},
	author = {Lee, J Brian and Arkin, Ronald C},
	year = {2003},
	pages = {2029--2036},
	file = {ADA443160.pdf:/home/christopher/.zotero/zotero/ip3dfi8v.default/zotero/storage/P8CXPHXZ/ADA443160.pdf:application/pdf}
}

@article{bredeche_roborobo!_2013,
	title = {Roborobo! a fast robot simulator for swarm and collective robotics},
	url = {http://arxiv.org/abs/1304.2888},
	urldate = {2015-11-19},
	journal = {arXiv preprint arXiv:1304.2888},
	author = {Bredeche, Nicolas and Montanier, Jean-Marc and Weel, Berend and Haasdijk, Evert},
	year = {2013},
	file = {1304.2888.pdf:/home/christopher/.zotero/zotero/ip3dfi8v.default/zotero/storage/JRRDZDQ8/1304.2888.pdf:application/pdf}
}

@article{binitha_survey_2012,
	title = {A survey of bio inspired optimization algorithms},
	volume = {2},
	url = {http://www.ijsce.org/attachments/File/v2i2/B0523032212.pdf},
	number = {2},
	urldate = {2015-11-18},
	journal = {International Journal of Soft Computing and Engineering},
	author = {Binitha, S. and Sathya, S. Siva},
	year = {2012},
	pages = {137--151},
	file = {B0523032212.pdf:/home/christopher/.zotero/zotero/ip3dfi8v.default/zotero/storage/D8D92QVM/B0523032212.pdf:application/pdf}
}

@article{chung_use_2004,
	title = {Use of polymers for cement-based structural materials},
	volume = {39},
	url = {http://link.springer.com/article/10.1023/B:JMSC.0000025822.72755.70},
	number = {9},
	urldate = {2015-12-14},
	journal = {Journal of materials science},
	author = {Chung, D. D. L.},
	year = {2004},
	pages = {2973--2978},
	file = {art%3A10.1023%2FB%3AJMSC.0000025822.72755.70.pdf:/home/christopher/.zotero/zotero/ip3dfi8v.default/zotero/storage/3GBQ4RBX/art%3A10.1023%2FB%3AJMSC.0000025822.72755.70.pdf:application/pdf}
}

@article{li_learning_2004-1,
	title = {Learning and measuring specialization in collaborative swarm systems},
	volume = {12},
	url = {http://adb.sagepub.com/content/12/3-4/199.short},
	number = {3-4},
	urldate = {2015-11-12},
	journal = {Adaptive Behavior},
	author = {Li, Ling and Martinoli, Alcherio and Abu-Mostafa, Yaser S.},
	year = {2004},
	pages = {199--212},
	file = {Adaptive Behavior-2004-Li-199-212.pdf:/home/christopher/.zotero/zotero/ip3dfi8v.default/zotero/storage/94SWJQFP/Adaptive Behavior-2004-Li-199-212.pdf:application/pdf}
}

@incollection{hettiarachchi_distributed_2006,
	title = {Distributed agent evolution with dynamic adaptation to local unexpected scenarios},
	url = {http://link.springer.com/chapter/10.1007/11964995_22},
	urldate = {2015-11-12},
	booktitle = {Innovative {Concepts} for {Autonomic} and {Agent}-{Based} {Systems}},
	publisher = {Springer},
	author = {Hettiarachchi, Suranga and Spears, William M. and Green, Derek and Kerr, Wesley},
	year = {2006},
	pages = {245--256},
	file = {Suranga Hettiarachichi.pdf:/home/christopher/.zotero/zotero/ip3dfi8v.default/zotero/storage/KZ92WPWF/Suranga Hettiarachichi.pdf:application/pdf}
}

@inproceedings{studer_spontaneous_2006,
	title = {Spontaneous emergence of self-replicating structures in molecube automata},
	url = {http://citeseerx.ist.psu.edu/viewdoc/download?doi=10.1.1.375.8786&rep=rep1&type=pdf},
	urldate = {2015-09-21},
	booktitle = {Proc. of the 10th {Int}. {Conf}. on the {Simulation} and {Synthesis} of {Living} {Systems} ({Artificial} {Life} {X})},
	publisher = {Citeseer},
	author = {Studer, Gregory and Lipson, Hod},
	year = {2006},
	pages = {227--233},
	file = {Spontaneous Emergence of Self-Replicating Structures.pdf:/home/christopher/.zotero/zotero/ip3dfi8v.default/zotero/storage/GQI7PEQ9/Spontaneous Emergence of Self-Replicating Structures.pdf:application/pdf}
}

@article{castano_conro:_2000,
	title = {{CONRO}: {Towards} deployable robots with inter-robots metamorphic capabilities},
	volume = {8},
	shorttitle = {{CONRO}},
	url = {http://link.springer.com/article/10.1023/A:1008985810481},
	number = {3},
	urldate = {2015-09-30},
	journal = {Autonomous Robots},
	author = {Castano, Andres and Shen, Wei-Min and Will, Peter},
	year = {2000},
	pages = {309--324},
	file = {10.1.1.216.8108.pdf:/home/christopher/.zotero/zotero/ip3dfi8v.default/zotero/storage/G4ZIBTG4/10.1.1.216.8108.pdf:application/pdf}
}

@inproceedings{schmidhuber_evolutionary_2000,
	title = {Evolutionary computation versus reinforcement learning},
	volume = {4},
	url = {http://ieeexplore.ieee.org/xpls/abs_all.jsp?arnumber=972474},
	urldate = {2015-10-29},
	booktitle = {Industrial {Electronics} {Society}, 2000. {IECON} 2000. 26th {Annual} {Confjerence} of the {IEEE}},
	publisher = {IEEE},
	author = {Schmidhuber, Jürgen},
	year = {2000},
	pages = {2992--2997},
	file = {00972474.pdf:/home/christopher/.zotero/zotero/ip3dfi8v.default/zotero/storage/7N7XXIC3/00972474.pdf:application/pdf}
}

@article{murata_self-reconfigurable_2007,
	title = {Self-reconfigurable robots},
	volume = {14},
	number = {1},
	journal = {Robotics \& Automation Magazine, IEEE},
	author = {Murata, Satoshi and Kurokawa, Haruhisa},
	year = {2007},
	pages = {71--78},
	file = {RAMmurata2007.pdf:/home/christopher/.zotero/zotero/ip3dfi8v.default/zotero/storage/4ZSHDH95/RAMmurata2007.pdf:application/pdf}
}

@inproceedings{murata_hardware_2000,
	title = {Hardware design of modular robotic system},
	volume = {3},
	booktitle = {Intelligent {Robots} and {Systems}, 2000.({IROS} 2000). {Proceedings}. 2000 {IEEE}/{RSJ} {International} {Conference} on},
	publisher = {IEEE},
	author = {Murata, Satoshi and Yoshida, Eiichi and Tomita, Kohji and Kurokawa, Haruhisa and Kamimura, Akiya and Kokaji, Shigeru},
	year = {2000},
	pages = {2210--2217},
	file = {iros00.pdf:/home/christopher/.zotero/zotero/ip3dfi8v.default/zotero/storage/KIP54DQ3/iros00.pdf:application/pdf}
}

@inproceedings{zykov_molecubes:_2007,
	title = {Molecubes: {An} open-source modular robotics kit},
	shorttitle = {Molecubes},
	url = {http://citeseerx.ist.psu.edu/viewdoc/download?doi=10.1.1.375.5814&rep=rep1&type=pdf},
	urldate = {2015-09-30},
	booktitle = {{IROS}-2007 {Self}-{Reconfigurable} {Robotics} {Workshop}},
	publisher = {Citeseer},
	author = {Zykov, Victor and Chan, Andrew and Lipson, Hod},
	year = {2007},
	pages = {3--6},
	file = {molecubes.pdf:/home/christopher/.zotero/zotero/ip3dfi8v.default/zotero/storage/9ZNNK9SR/molecubes.pdf:application/pdf}
}

@book{sirakoulis_robots_2015,
	address = {Cham},
	series = {Emergence, {Complexity} and {Computation}},
	title = {Robots and {Lattice} {Automata}},
	volume = {13},
	isbn = {978-3-319-10923-7 978-3-319-10924-4},
	url = {http://link.springer.com/10.1007/978-3-319-10924-4},
	urldate = {2015-10-16},
	publisher = {Springer International Publishing},
	editor = {Sirakoulis, Georgios Ch. and Adamatzky, Andrew},
	year = {2015},
	file = {Robots and lattice automata.pdf:/home/christopher/.zotero/zotero/ip3dfi8v.default/zotero/storage/4VDNMHKW/Robots and lattice automata.pdf:application/pdf}
}

@inproceedings{gross_object_2006,
	title = {Object transport by modular robots that self-assemble},
	doi = {10.1109/ROBOT.2006.1642087},
	abstract = {We present a first attempt to accomplish a simple object manipulation task using the self-reconfigurable robotic system swarm-bot. The number of modular entities involved, their global shape or size and their internal structure are not pre-determined, but result from a self-organized process in which the modules autonomously grasp each other and/or an object. The modules are autonomous in perception, control, action, and power. We present quantitative results, obtained with six physical modules, that confirm the utility of self-assembling robots in a concrete task},
	booktitle = {Proceedings 2006 {IEEE} {International} {Conference} on {Robotics} and {Automation}, 2006. {ICRA} 2006},
	author = {Gross, R. and Tuci, E. and Dorigo, M. and Bonani, M. and Mondada, F.},
	month = may,
	year = {2006},
	keywords = {Concrete, Foot, Leg, Legged locomotion, Mobile robots, Modular robots, multi-robot systems, object manipulation task, object transport, Robotic assembly, Robotics and automation, Robustness, self-adjusting systems, self-assembling robots, Self-assembly, self-reconfigurable robotic system swarm-bot, Shape, telerobotics},
	pages = {2558--2564},
	file = {Gross et al. - 2006 - Object transport by modular robots that self-assem.pdf:/home/christopher/.zotero/zotero/ip3dfi8v.default/zotero/storage/GQWEIQES/Gross et al. - 2006 - Object transport by modular robots that self-assem.pdf:application/pdf}
}

@article{rosenfeld_study_2008,
	title = {A study of mechanisms for improving robotic group performance},
	volume = {172},
	issn = {00043702},
	url = {http://linkinghub.elsevier.com/retrieve/pii/S0004370207001348},
	doi = {10.1016/j.artint.2007.09.008},
	language = {en},
	number = {6-7},
	urldate = {2015-11-12},
	journal = {Artificial Intelligence},
	author = {Rosenfeld, Avi and Kaminka, Gal A. and Kraus, Sarit and Shehory, Onn},
	month = apr,
	year = {2008},
	pages = {633--655},
	file = {1-s2.0-S0004370207001348-main.pdf:/home/christopher/.zotero/zotero/ip3dfi8v.default/zotero/storage/S4SA3KV3/1-s2.0-S0004370207001348-main.pdf:application/pdf}
}

@article{gross_evolution_2008,
	title = {Evolution of {Solitary} and {Group} {Transport} {Behaviors} for {Autonomous} {Robots} {Capable} of {Self}-{Assembling}},
	volume = {16},
	url = {http://adb.sagepub.com/content/16/5/285.abstract},
	doi = {10.1177/1059712308090537},
	abstract = {Group transport is performed in many natural systems and has become a canonical task for studying cooperation in robotics. We simulate a system of simple, insect-like robots that can move autonomously and grasp objects as well as each other. We use artificial evolution to produce solitary transport and group transport behaviors. We show that robots, even though not aware of each other, can be effective in group transport. Group transport can even be performed by robots that behave as in solitary transport. Still, robots engaged in group transport can benefit from behaving differently from robots engaged in solitary transport. The best group transport behaviors yielded by half of the evolutions let robots organize into self-assembled structures. This provides evidence that self-assembly can provide adaptive value to individuals that compete in an artificial evolution based on task performance. We conclude the article by discussing potential implications for evolutionary biology and robotics.},
	number = {5},
	journal = {Adaptive Behavior},
	author = {Gross, Roderich and Dorigo, Marco},
	year = {2008},
	keywords = {autonomous robots, evolutionary biology, evolutionary robotics, evolution of cooperation, group transport, self-assembly, social behavior, solitary, swarm intelligence, swarm robotics},
	pages = {285--305},
	file = {Gross, Dorigo - 2008 - Evolution of Solitary and Group Transport Behaviors for Autonomous Robots Capable of Self-Assembling.pdf:/home/christopher/.zotero/zotero/ip3dfi8v.default/zotero/storage/ADTF2QUN/Gross, Dorigo - 2008 - Evolution of Solitary and Group Transport Behaviors for Autonomous Robots Capable of Self-Assembling.pdf:application/pdf}
}

@book{noskov_monee:_2013,
	title = {Monee: using parental investment to combine open-ended and task-driven evolution},
	shorttitle = {Monee},
	url = {http://link.springer.com/chapter/10.1007/978-3-642-37192-9_57},
	urldate = {2015-11-04},
	publisher = {Springer},
	author = {Noskov, Nikita and Haasdijk, Evert and Weel, Berend and Eiben, A. E.},
	year = {2013},
	file = {EvoROBOT2013-MONEE.pdf:/home/christopher/.zotero/zotero/ip3dfi8v.default/zotero/storage/WNMWVTW2/EvoROBOT2013-MONEE.pdf:application/pdf}
}

@inproceedings{pugh_parallel_2007,
	title = {Parallel learning in heterogeneous multi-robot swarms},
	url = {http://ieeexplore.ieee.org/xpls/abs_all.jsp?arnumber=4424971},
	urldate = {2015-11-12},
	booktitle = {Evolutionary {Computation}, 2007. {CEC} 2007. {IEEE} {Congress} on},
	publisher = {IEEE},
	author = {Pugh, Jim and Martinoli, Alcherio},
	year = {2007},
	pages = {3839--3846},
	file = {PSO.pdf:/home/christopher/.zotero/zotero/ip3dfi8v.default/zotero/storage/ERJVDPQ5/PSO.pdf:application/pdf}
}

@article{li_co-evolution_2015,
	title = {Co-evolution framework of swarm self-assembly robots},
	volume = {148},
	issn = {09252312},
	url = {http://linkinghub.elsevier.com/retrieve/pii/S0925231214009394},
	doi = {10.1016/j.neucom.2012.10.047},
	language = {en},
	urldate = {2015-10-13},
	journal = {Neurocomputing},
	author = {Li, Haiyuan and Wei, Hongxing and Xiao, Jiangyang and Wang, Tianmiao},
	month = jan,
	year = {2015},
	pages = {112--121},
	file = {sambot-coevo.pdf:/home/christopher/.zotero/zotero/ip3dfi8v.default/zotero/storage/G2JC8CN3/sambot-coevo.pdf:application/pdf}
}

@article{goh_sexual_2003,
	title = {Sexual selection for genetic algorithms},
	volume = {19},
	url = {http://link.springer.com/article/10.1023/A:1022692631328},
	number = {2},
	urldate = {2015-12-14},
	journal = {Artificial Intelligence Review},
	author = {Goh, Kai Song and Lim, Andrew and Rodrigues, Brian},
	year = {2003},
	pages = {123--152},
	file = {Artificial Intelligence Review 2003 Goh Lim Rodrigues.pdf:/home/christopher/.zotero/zotero/ip3dfi8v.default/zotero/storage/BGAT8G6E/Artificial Intelligence Review 2003 Goh Lim Rodrigues.pdf:application/pdf}
}

@article{wei_sambot:_2011,
	title = {Sambot: {A} {Self}-{Assembly} {Modular} {Robot} {System}},
	volume = {16},
	issn = {1083-4435, 1941-014X},
	shorttitle = {Sambot},
	url = {http://ieeexplore.ieee.org/lpdocs/epic03/wrapper.htm?arnumber=5634125},
	doi = {10.1109/TMECH.2010.2085009},
	number = {4},
	urldate = {2015-10-21},
	journal = {IEEE/ASME Transactions on Mechatronics},
	author = {Wei, Hongxing and Chen, Youdong and Tan, Jindong and Wang, Tianmiao},
	month = aug,
	year = {2011},
	pages = {745--757},
	file = {sambot.pdf:/home/christopher/.zotero/zotero/ip3dfi8v.default/zotero/storage/U94WZQV7/sambot.pdf:application/pdf}
}

@incollection{henini_chapter_2008,
	address = {Amsterdam},
	title = {Chapter 18 - {Nanostructured} {Solar} {Cells}},
	isbn = {978-0-08-046325-4},
	url = {http://www.sciencedirect.com/science/article/pii/B9780080463254000189},
	abstract = {Publisher Summary This chapter addresses the nanostructured solar cells that play an important role in enhancing the efficiency of future generations of solar cells, whether they are III–V, II–VI, or hybrid organic–inorganic cells. There is a great deal of potential in multiple approaches for these nanostructures. Nanostructures can also be composed of arrays of individual nanomaterials. Semiconducting quantum dots (QDs) can be combined in a three-dimensional array, often through the use of selfordering. The discrete-like energy levels of the \{QDs\} will combine and form bands of allowed energy states in an analogous way in which atomic energy levels combine to produce the energy bands in conventional solids. The role of a nanomaterial or nanostructure in a given photovoltaic solar cell design can vary dramatically. In some cases, the goal may be simply to provide the means to disassociate excitons throughout a bulk material as in the use of colloidal \{QDs\} in organic or polymeric solar cells.},
	booktitle = {Handbook of {Self} {Assembled} {Semiconductor} {Nanostructures} for {Novel} {Devices} in {Photonics} and {Electronics}},
	publisher = {Elsevier},
	author = {Bailey, S. G. and Hubbard, Seth and Raffaelle, R. P.},
	editor = {Henini, Mohamed},
	year = {2008},
	pages = {552 -- 564},
	file = {3-s2.0-B9780080463254000189-main.pdf:/home/christopher/.zotero/zotero/ip3dfi8v.default/zotero/storage/22A7B5TJ/3-s2.0-B9780080463254000189-main.pdf:application/pdf}
}

@article{russell_artificial_1995,
	title = {Artificial intelligence: a modern approach},
	author = {Russell, Stuart and Norvig, Peter},
	year = {1995}
}

@article{siracusa_biodegradable_2008,
	title = {Biodegradable polymers for food packaging: a review},
	volume = {19},
	issn = {09242244},
	shorttitle = {Biodegradable polymers for food packaging},
	url = {http://linkinghub.elsevier.com/retrieve/pii/S0924224408002185},
	doi = {10.1016/j.tifs.2008.07.003},
	language = {en},
	number = {12},
	urldate = {2015-12-14},
	journal = {Trends in Food Science \& Technology},
	author = {Siracusa, Valentina and Rocculi, Pietro and Romani, Santina and Rosa, Marco Dalla},
	month = dec,
	year = {2008},
	pages = {634--643},
	file = {1-s2.0-S0924224408002185-main.pdf:/home/christopher/.zotero/zotero/ip3dfi8v.default/zotero/storage/ARMPRU8P/1-s2.0-S0924224408002185-main.pdf:application/pdf}
}

@article{heylighen_science_2001,
	title = {The science of self-organization and adaptivity},
	volume = {5},
	url = {http://www.researchgate.net/profile/Francis_Heylighen/publication/2817974_The_Science_Of_Self-Organization_And_Adaptivity/links/0912f50584d977a691000000.pdf},
	number = {3},
	urldate = {2015-12-14},
	journal = {The encyclopedia of life support systems},
	author = {Heylighen, Francis and {others}},
	year = {2001},
	pages = {253--280},
	file = {0912f50584d977a691000000.pdf:/home/christopher/.zotero/zotero/ip3dfi8v.default/zotero/storage/C4RARMUI/0912f50584d977a691000000.pdf:application/pdf}
}

@incollection{mockel_yamor_2006,
	title = {{YaMoR} and {Bluemove}—an autonomous modular robot with bluetooth interface for exploring adaptive locomotion},
	url = {http://link.springer.com/chapter/10.1007/3-540-26415-9_82},
	urldate = {2015-09-30},
	booktitle = {Climbing and {Walking} {Robots}},
	publisher = {Springer},
	author = {Möckel, Rico and Jaquier, Cyril and Drapel, Kevin and Dittrich, Elmar and Upegui, Andres and Ijspeert, A.},
	year = {2006},
	pages = {685--692},
	file = {moeckel05.pdf:/home/christopher/.zotero/zotero/ip3dfi8v.default/zotero/storage/CHJJX87F/moeckel05.pdf:application/pdf}
}